<?xml version="1.0" encoding="UTF-8"?><collection xmlns="http://www.loc.gov/MARC21/slim"><record><leader>00392nam--2200145-i-4500</leader><controlfield tag="001">000027619</controlfield><controlfield tag="002">20161230</controlfield><controlfield tag="005">20161230201036</controlfield><controlfield tag="008">060222s1000------------r-----000-0-eng-d</controlfield><datafield ind1=" " ind2=" " tag="080"><subfield code="a">530.145</subfield></datafield><datafield ind1=" " ind2=" " tag="100"><subfield code="a">Landau L. Et Lifchitz E</subfield></datafield><datafield ind1=" " ind2=" " tag="245"><subfield code="a">Physique theorique: vol.iii. mecanique quantique</subfield></datafield><datafield ind1=" " ind2=" " tag="260"><subfield code="a">Moscou, Editions De La Paix, F.An., 471p</subfield></datafield><datafield ind1=" " ind2=" " tag="490"><subfield code="a">Physique Theorique</subfield></datafield><datafield ind1=" " ind2=" " tag="852"><subfield code="a">44531</subfield></datafield></record></collection>